

@article{walmsley2024adaptive,
  title={Adaptive digital twins for energy-intensive industries and their local communities},
  author={Walmsley, Timothy Gordon and Patros, Panos and Yu, Wei and Young, Brent R and Burroughs, Stephen and Apperley, Mark and Carson, James K and Udugama, Isuru A and Aeowjaroenlap, Hattachai and Atkins, Martin J and others},
  journal={Digital Chemical Engineering},
  volume={10},
  pages={100139},
  year={2024},
  publisher={Elsevier}
}

@article{lee2021idaes,
  title={The IDAES process modeling framework and model libraryâ€”Flexibility for process simulation and optimization},
  author={Lee, Andrew and Ghouse, Jaffer H and Eslick, John C and Laird, Carl D and Siirola, John D and Zamarripa, Miguel A and Gunter, Dan and Shinn, John H and Dowling, Alexander W and Bhattacharyya, Debangsu and others},
  journal={Journal of advanced manufacturing and processing},
  volume={3},
  number={3},
  pages={e10095},
  year={2021},
  publisher={Wiley Online Library}
}

@article{udugama2020role,
  title={The role of big data in industrial (bio) chemical process operations},
  author={Udugama, Isuru A and Gargalo, Carina L and Yamashita, Yoshiyuki and Taube, Michael A and Palazoglu, Ahmet and Young, Brent R and Gernaey, Krist V and Kulahci, Murat and Bayer, Christoph},
  journal={Industrial \& Engineering Chemistry Research},
  volume={59},
  number={34},
  pages={15283--15297},
  year={2020},
  publisher={ACS Publications}
}

@article{karniadakis2021physics,
  title={Physics-informed machine learning},
  author={Karniadakis, George Em and Kevrekidis, Ioannis G and Lu, Lu and Perdikaris, Paris and Wang, Sifan and Yang, Liu},
  journal={Nature Reviews Physics},
  volume={3},
  number={6},
  pages={422--440},
  year={2021},
  publisher={Nature Publishing Group}
}

@article{lu2019deeponet,
  title={Deeponet: Learning nonlinear operators for identifying differential equations based on the universal approximation theorem of operators},
  author={Lu, Lu and Jin, Pengzhan and Karniadakis, George Em},
  journal={arXiv preprint arXiv:1910.03193},
  year={2019}
}