@misc{CITATION_NEEDED,
    author = {{Citation Needed}},
    title = {Citation Needed},
    year = {2023},
    note = {Accessed: 2023-10-01}
}